% BitML
@techreport{bitml,
  title={BitML: a calculus for Bitcoin smart contracts},
  author={Bartoletti, Massimo and Zunino, Roberto},
  year={2018},
  institution={Cryptology ePrint Archive, Report 2018/122}
}

% UTxO
@article{utxo,
  title={An Abstract Model of UTxO-based Cryptocurrencies with Scripts.},
  author={Zahnentferner, Joachim},
  journal={IACR Cryptology ePrint Archive},
  volume={2018},
  pages={469},
  year={2018}
}
@techreport{chimeric,
  title={Chimeric ledgers: Translating and unifying utxo-based and account-based cryptocurrencies},
  author={Zahnentferner, Joachim and HK, Input Output},
  year={2018},
  institution={Cryptology ePrint Archive, Report 2018/262, 2018. https://epri nt. iacr. org~â€¦}
}
@online{eutxo,
  title = {The Extended UTxO Model},
  year = {2019},
  lastaccessed = "2/2019",
  url = "https://github.com/input-output-hk/plutus/blob/master/docs/extended-utxo/README.md"
}
@online{wallet,
  title = {Formal verification of a Cardano wallet},
  year = {2018},
  lastaccessed = "2/2019",
  url = "https://cardanodocs.com/files/formal-specification-of-the-cardano-wallet.pdf"
}

% Other
@article{setzer,
  title={Modelling Bitcoin in Agda},
  author={Setzer, Anton},
  journal={arXiv preprint arXiv:1804.06398},
  year={2018}
}
@inproceedings{short,
  title={Short paper: Formal verification of smart contracts},
  author={Bhargavan, Karthikeyan and Delignat-Lavaud, Antoine and Fournet, Cedric and Gollamudi, A and Gonthier, G and Kobeissi, N and Rastogi, A and Sibut-Pinote, T and Swamy, N and Zanella-B{\'e}guelin, S},
  booktitle={Proceedings of the 11th ACM Workshop on Programming Languages and Analysis for Security (PLAS), in conjunction with ACM CCS},
  pages={91--96},
  year={2016}
}
@article{scriptlangs,
  title={Scripting smart contracts for distributed ledger technology.},
  author={Seijas, Pablo Lamela and Thompson, Simon J and McAdams, Darryl},
  journal={IACR Cryptology ePrint Archive},
  volume={2016},
  pages={1156},
  year={2016}
}
@article{scilla,
  title={Scilla: a smart contract intermediate-level language},
  author={Sergey, Ilya and Kumar, Amrit and Hobor, Aquinas},
  journal={arXiv preprint arXiv:1801.00687},
  year={2018}
}
@article{featherweightjava,
  title={Featherweight Java: a minimal core calculus for Java and GJ},
  author={Igarashi, Atsushi and Pierce, Benjamin C and Wadler, Philip},
  journal={ACM Transactions on Programming Languages and Systems (TOPLAS)},
  volume={23},
  number={3},
  pages={396--450},
  year={2001},
  publisher={ACM}
}

% Bitcoin applications
@inproceedings{mpc,
  title={Secure multiparty computations on bitcoin},
  author={Andrychowicz, Marcin and Dziembowski, Stefan and Malinowski, Daniel and Mazurek, Lukasz},
  booktitle={Security and Privacy (SP), 2014 IEEE Symposium on},
  pages={443--458},
  year={2014},
  organization={IEEE}
}
@article{zeroproof,
  title={Proofs that yield nothing but their validity or all languages in NP have zero-knowledge proof systems},
  author={Goldreich, Oded and Micali, Silvio and Wigderson, Avi},
  journal={Journal of the ACM (JACM)},
  volume={38},
  number={3},
  pages={690--728},
  year={1991},
  publisher={ACM}
}
@inproceedings{fair,
  title={How to use bitcoin to design fair protocols},
  author={Bentov, Iddo and Kumaresan, Ranjit},
  booktitle={International Cryptology Conference},
  pages={421--439},
  year={2014},
  organization={Springer}
}

% Basic
@article{bitcoin,
  title={Bitcoin: A peer-to-peer electronic cash system},
  author={Nakamoto, Satoshi},
  year={2008},
  publisher={Working Paper}
}
@online{bitcoinscript,
  title = {Script - Bitcoin Wiki},
  year = {2010},
  lastaccessed = "2/2019",
  url = "https://en.bitcoin.it/wiki/Script"
}
@article{buterin2014next,
  title={A next-generation smart contract and decentralized application platform},
  author={Buterin, Vitalik and others},
  journal={white paper},
  year={2014}
}

@book{itt,
  title={Intuitionistic type theory},
  author={Martin-L{\"o}f, Per and Sambin, Giovanni},
  volume={9},
  year={1984},
  publisher={Bibliopolis Naples}
}
@phdthesis{coq,
  title={The Coq proof assistant reference manual: Version 6.1},
  author={Barras, Bruno and Boutin, Samuel and Cornes, Cristina and Courant, Judica{\"e}l and Filliatre, Jean-Christophe and Gimenez, Eduardo and Herbelin, Hugo and Huet, Gerard and Munoz, Cesar and Murthy, Chetan and others},
  year={1997},
  school={Inria}
}
@inproceedings{agda,
  title={Dependently typed programming in Agda},
  author={Norell, Ulf},
  booktitle={International School on Advanced Functional Programming},
  pages={230--266},
  year={2008},
  organization={Springer}
}

