% UTxO
@article{utxo,
  title={An Abstract Model of UTxO-based Cryptocurrencies with Scripts.},
  author={Zahnentferner, Joachim},
  journal={IACR Cryptology ePrint Archive},
  volume={2018},
  pages={469},
  year={2018}
}
@article{chimeric,
  title={Chimeric Ledgers: Translating and Unifying UTXO-based and Account-based Cryptocurrencies.},
  author={Zahnentferner, Joachim},
  journal={IACR Cryptology ePrint Archive},
  volume={2018},
  pages={262},
  year={2018}
}
@online{eutxo,
  title = {The Extended UTxO Model},
  year = {2019},
  lastaccessed = "5/2019",
  url = "https://github.com/input-output-hk/plutus/blob/master/docs/extended-utxo/README.md"
}
@online{multicurrency,
  title={Multi-Currency},
  year={2019},
  lastaccessed = "5/2019",
  url = "https://github.com/input-output-hk/plutus/blob/master/docs/multi-currency/multi-currency.md"
}
% Agda
@inproceedings{agda,
  title={Dependently typed programming in Agda},
  author={Norell, Ulf},
  booktitle={International School on Advanced Functional Programming},
  pages={230--266},
  year={2008},
  organization={Springer}
}
@inproceedings{proofbyreflection,
  title={Engineering proof by reflection in Agda},
  author={Van Der Walt, Paul and Swierstra, Wouter},
  booktitle={Symposium on Implementation and Application of Functional Languages},
  pages={157--173},
  year={2012},
  organization={Springer}
}
% Cryptocurrencies
@article{bitcoin,
  title={Bitcoin: A peer-to-peer electronic cash system},
  author={Nakamoto, Satoshi},
  year={2008},
  publisher={Working Paper}
}
@article{ethereum,
  title={A next-generation smart contract and decentralized application platform},
  author={Buterin, Vitalik and others},
  journal={white paper},
  year={2014}
}
% Bitcoin applications
@inproceedings{mpc,
  title={Secure multiparty computations on bitcoin},
  author={Andrychowicz, Marcin and Dziembowski, Stefan and Malinowski, Daniel and Mazurek, Lukasz},
  booktitle={Security and Privacy (SP), 2014 IEEE Symposium on},
  pages={443--458},
  year={2014},
  organization={IEEE}
}
@article{zeroproof,
  title={Proofs that yield nothing but their validity or all languages in NP have zero-knowledge proof systems},
  author={Goldreich, Oded and Micali, Silvio and Wigderson, Avi},
  journal={Journal of the ACM (JACM)},
  volume={38},
  number={3},
  pages={690--728},
  year={1991},
  publisher={ACM}
}
@inproceedings{fair,
  title={How to use bitcoin to design fair protocols},
  author={Bentov, Iddo and Kumaresan, Ranjit},
  booktitle={International Cryptology Conference},
  pages={421--439},
  year={2014},
  organization={Springer}
}