% Intro
@online{dao,
  title = {The DAO organisation},
  year = {2019},
  lastaccessed = "6/2019",
  url = "https://en.wikipedia.org/wiki/The_DAO_(organization)"
}
@article{bitcoin,
  title={Bitcoin: A peer-to-peer electronic cash system},
  author={Nakamoto, Satoshi},
  year={2008},
  publisher={Working Paper}
}
@inproceedings{opportunities,
  title={Smart contracts and opportunities for formal methods},
  author={Miller, Andrew and Cai, Zhicheng and Jha, Somesh},
  booktitle={International Symposium on Leveraging Applications of Formal Methods},
  pages={280--299},
  year={2018},
  organization={Springer}
}
@article{langverif,
  title={Language-based verification will change the world},
  author={Sheard, Tim and Stump, Aaron and Weirich, Stephanie},
  year={2010}
}
@inproceedings{agda,
  title={Dependently typed programming in Agda},
  author={Norell, Ulf},
  booktitle={International School on Advanced Functional Programming},
  pages={230--266},
  year={2008},
  organization={Springer}
}
@phdthesis{coq,
  title={The Coq proof assistant reference manual: Version 6.1},
  author={Barras, Bruno and Boutin, Samuel and Cornes, Cristina and Courant, Judica{\"e}l and Filliatre, Jean-Christophe and Gimenez, Eduardo and Herbelin, Hugo and Huet, Gerard and Munoz, Cesar and Murthy, Chetan and others},
  year={1997},
  school={Inria}
}

% BitML
@techreport{bitml,
  title={BitML: a calculus for Bitcoin smart contracts},
  author={Bartoletti, Massimo and Zunino, Roberto},
  year={2018},
  institution={Cryptology ePrint Archive, Report 2018/122}
}
@incollection{csp,
  title={Communicating sequential processes},
  author={Hoare, Charles Antony Richard},
  booktitle={The origin of concurrent programming},
  pages={413--443},
  year={1978},
  publisher={Springer}
}

% Other tools
@article{liquidity,
  title={Verifying liquidity of Bitcoin contracts},
  author={Bartoletti, Massimo and Zunino, Roberto},
  journal={IACR eprint},
  year={2018}
}
@article{mooly,
  title={Online detection of effectively callback free objects with applications to smart contracts},
  author={Grossman, Shelly and Abraham, Ittai and Golan-Gueta, Guy and Michalevsky, Yan and Rinetzky, Noam and Sagiv, Mooly and Zohar, Yoni},
  journal={Proceedings of the ACM on Programming Languages},
  volume={2},
  number={POPL},
  pages={48},
  year={2017},
  publisher={ACM}
}
@article{madmax,
  title={Madmax: Surviving out-of-gas conditions in ethereum smart contracts},
  author={Grech, Neville and Kong, Michael and Jurisevic, Anton and Brent, Lexi and Scholz, Bernhard and Smaragdakis, Yannis},
  journal={Proceedings of the ACM on Programming Languages},
  volume={2},
  number={OOPSLA},
  pages={116},
  year={2018},
  publisher={ACM}
}
@article{scriptlangs,
  title={Scripting smart contracts for distributed ledger technology.},
  author={Seijas, Pablo Lamela and Thompson, Simon J and McAdams, Darryl},
  journal={IACR Cryptology ePrint Archive},
  volume={2016},
  pages={1156},
  year={2016}
}
@article{scilla,
  title={Scilla: a smart contract intermediate-level language},
  author={Sergey, Ilya and Kumar, Amrit and Hobor, Aquinas},
  journal={arXiv preprint arXiv:1801.00687},
  year={2018}
}

% UTxO
@article{utxo,
  title={An Abstract Model of UTxO-based Cryptocurrencies with Scripts.},
  author={Zahnentferner, Joachim},
  journal={IACR Cryptology ePrint Archive},
  volume={2018},
  pages={469},
  year={2018}
}
@online{eutxo,
  title = {The Extended UTxO Model},
  year = {2019},
  lastaccessed = "5/2019",
  url = "https://github.com/input-output-hk/plutus/blob/master/docs/extended-utxo/README.md"
}
@inproceedings{marlowe,
  title={Marlowe: Financial contracts on blockchain},
  author={Seijas, Pablo Lamela and Thompson, Simon},
  booktitle={International Symposium on Leveraging Applications of Formal Methods},
  pages={356--375},
  year={2018},
  organization={Springer}
}

% Bitcoin applications
@inproceedings{mpc,
  title={Secure multiparty computations on bitcoin},
  author={Andrychowicz, Marcin and Dziembowski, Stefan and Malinowski, Daniel and Mazurek, Lukasz},
  booktitle={Security and Privacy (SP), 2014 IEEE Symposium on},
  pages={443--458},
  year={2014},
  organization={IEEE}
}
@article{zeroproof,
  title={Proofs that yield nothing but their validity or all languages in NP have zero-knowledge proof systems},
  author={Goldreich, Oded and Micali, Silvio and Wigderson, Avi},
  journal={Journal of the ACM (JACM)},
  volume={38},
  number={3},
  pages={690--728},
  year={1991},
  publisher={ACM}
}
@inproceedings{fair,
  title={How to use bitcoin to design fair protocols},
  author={Bentov, Iddo and Kumaresan, Ranjit},
  booktitle={International Cryptology Conference},
  pages={421--439},
  year={2014},
  organization={Springer}
}
@inproceedings{timed,
  title={Timed commitments},
  author={Boneh, Dan and Naor, Moni},
  booktitle={Annual International Cryptology Conference},
  pages={236--254},
  year={2000},
  organization={Springer}
}
