% BitML
@techreport{bitml,
  title={BitML: a calculus for Bitcoin smart contracts},
  author={Bartoletti, Massimo and Zunino, Roberto},
  year={2018},
  institution={Cryptology ePrint Archive, Report 2018/122}
}
@incollection{csp,
  title={Communicating sequential processes},
  author={Hoare, Charles Antony Richard},
  booktitle={The origin of concurrent programming},
  pages={413--443},
  year={1978},
  publisher={Springer}
}

% UTxO
@article{utxo,
  title={An Abstract Model of UTxO-based Cryptocurrencies with Scripts.},
  author={Zahnentferner, Joachim},
  journal={IACR Cryptology ePrint Archive},
  volume={2018},
  pages={469},
  year={2018}
}
@article{chimeric,
  title={Chimeric Ledgers: Translating and Unifying UTXO-based and Account-based Cryptocurrencies.},
  author={Zahnentferner, Joachim},
  journal={IACR Cryptology ePrint Archive},
  volume={2018},
  pages={262},
  year={2018}
}
@online{eutxo,
  title = {The Extended UTxO Model},
  year = {2019},
  lastaccessed = "2/2019",
  url = "https://github.com/input-output-hk/plutus/blob/master/docs/extended-utxo/README.md"
}
@online{wallet,
  title = {Formal verification of a Cardano wallet},
  year = {2018},
  lastaccessed = "2/2019",
  url = "https://cardanodocs.com/files/formal-specification-of-the-cardano-wallet.pdf"
}
@online{multicurrencyweb,
  title={Multi-Currency},
  year={2019},
  lastaccessed = "5/2019",
  url = "https://github.com/input-output-hk/plutus/blob/master/docs/multi-currency/multi-currency.md"
}
@article{multicurrency,
  title={Multi-Currency Ledgers},
  author={Zahnentferner, Joachim},
  pages={To Appear},
  year={2019}
}
@article{coloredcoins,
  title={Overview of colored coins},
  author={Rosenfeld, Meni},
  journal={White paper, bitcoil. co. il},
  volume={41},
  year={2012}
}
@inproceedings{marlowe,
  title={Marlowe: Financial contracts on blockchain},
  author={Seijas, Pablo Lamela and Thompson, Simon},
  booktitle={International Symposium on Leveraging Applications of Formal Methods},
  pages={356--375},
  year={2018},
  organization={Springer}
}
@online{multisig,
  title={A Formal Specification of a Multi-Signature Scheme using Scripts},
  author={Corduan, Jared and G{\"u}demann, Matthias},
  year={2019},
  lastaccessed = "7/2019",
  url = "https://hydra.iohk.io/build/835279/download/2/multi-sig.pdf"
}
@online{smallsteps,
  title={Small Step Semantics for Cardano},
  author={Input Output HK},
  year={2019},
  lastaccessed = "7/2019",
  url = "https://hydra.iohk.io/build/902242/download/1/small-step-semantics.pdf"
}

% Types
@article{quotient,
  title={Definable quotients in type theory},
  author={Altenkirch, Thorsten and Anberr{\'e}e, Thomas and Li, Nuo},
  journal={Draft paper},
  pages={48--49},
  year={2011}
}
@article{cubical,
  author    = {Cyril Cohen and
               Thierry Coquand and
               Simon Huber and
               Anders M{\"{o}}rtberg},
  title     = {Cubical Type Theory: a constructive interpretation of the univalence
               axiom},
  journal   = {CoRR},
  volume    = {abs/1611.02108},
  year      = {2016},
  url       = {http://arxiv.org/abs/1611.02108},
  archivePrefix = {arXiv},
  eprint    = {1611.02108},
  timestamp = {Mon, 13 Aug 2018 16:48:16 +0200},
  biburl    = {https://dblp.org/rec/bib/journals/corr/CohenCHM16},
  bibsource = {dblp computer science bibliography, https://dblp.org}
}
@article{homotopy,
  title     = {Homotopy Type Theory: Univalent Foundations of Mathematics},
  journal   = {CoRR},
  volume    = {abs/1308.0729},
  year      = {2013},
  url       = {http://arxiv.org/abs/1308.0729},
  archivePrefix = {arXiv},
  eprint    = {1308.0729},
  timestamp = {Mon, 13 Aug 2018 16:48:07 +0200},
  biburl    = {https://dblp.org/rec/bib/journals/corr/X13},
  bibsource = {dblp computer science bibliography, https://dblp.org}
}

% Other
@article{setzer,
  title={Modelling Bitcoin in Agda},
  author={Setzer, Anton},
  journal={arXiv preprint arXiv:1804.06398},
  year={2018}
}
@inproceedings{short,
  title={Short paper: Formal verification of smart contracts},
  author={Bhargavan, Karthikeyan and Delignat-Lavaud, Antoine and Fournet, Cedric and Gollamudi, A and Gonthier, G and Kobeissi, N and Rastogi, A and Sibut-Pinote, T and Swamy, N and Zanella-B{\'e}guelin, S},
  booktitle={Proceedings of the 11th ACM Workshop on Programming Languages and Analysis for Security (PLAS), in conjunction with ACM CCS},
  pages={91--96},
  year={2016}
}
@article{scriptlangs,
  title={Scripting smart contracts for distributed ledger technology.},
  author={Seijas, Pablo Lamela and Thompson, Simon J and McAdams, Darryl},
  journal={IACR Cryptology ePrint Archive},
  volume={2016},
  pages={1156},
  year={2016}
}
@article{scilla,
  title={Scilla: a smart contract intermediate-level language},
  author={Sergey, Ilya and Kumar, Amrit and Hobor, Aquinas},
  journal={arXiv preprint arXiv:1801.00687},
  year={2018}
}
@inproceedings{ouroboros,
  title={Ouroboros: A provably secure proof-of-stake blockchain protocol},
  author={Kiayias, Aggelos and Russell, Alexander and David, Bernardo and Oliynykov, Roman},
  booktitle={Annual International Cryptology Conference},
  pages={357--388},
  year={2017},
  organization={Springer}
}
@article{featherweightjava,
  title={Featherweight Java: a minimal core calculus for Java and GJ},
  author={Igarashi, Atsushi and Pierce, Benjamin C and Wadler, Philip},
  journal={ACM Transactions on Programming Languages and Systems (TOPLAS)},
  volume={23},
  number={3},
  pages={396--450},
  year={2001},
  publisher={ACM}
}
@inproceedings{certikos,
  title={Toward compositional verification of interruptible OS kernels and device drivers},
  author={Chen, Hao and Wu, Xiongnan Newman and Shao, Zhong and Lockerman, Joshua and Gu, Ronghui},
  booktitle={ACM SIGPLAN Notices},
  volume={51},
  number={6},
  pages={431--447},
  year={2016},
  organization={ACM}
}
@inproceedings{opportunities,
  title={Smart contracts and opportunities for formal methods},
  author={Miller, Andrew and Cai, Zhicheng and Jha, Somesh},
  booktitle={International Symposium on Leveraging Applications of Formal Methods},
  pages={280--299},
  year={2018},
  organization={Springer}
}
@article{langverif,
  title={Language-based verification will change the world},
  author={Sheard, Tim and Stump, Aaron and Weirich, Stephanie},
  year={2010}
}

% Bitcoin applications
@inproceedings{mpc,
  title={Secure multiparty computations on bitcoin},
  author={Andrychowicz, Marcin and Dziembowski, Stefan and Malinowski, Daniel and Mazurek, Lukasz},
  booktitle={Security and Privacy (SP), 2014 IEEE Symposium on},
  pages={443--458},
  year={2014},
  organization={IEEE}
}
@article{zeroproof,
  title={Proofs that yield nothing but their validity or all languages in NP have zero-knowledge proof systems},
  author={Goldreich, Oded and Micali, Silvio and Wigderson, Avi},
  journal={Journal of the ACM (JACM)},
  volume={38},
  number={3},
  pages={690--728},
  year={1991},
  publisher={ACM}
}
@inproceedings{fair,
  title={How to use bitcoin to design fair protocols},
  author={Bentov, Iddo and Kumaresan, Ranjit},
  booktitle={International Cryptology Conference},
  pages={421--439},
  year={2014},
  organization={Springer}
}
@article{spj,
  title={Composing contracts: an adventure in financial engineering},
  author={Peyton Jones, Simon and Eber, Jean-Marc and Seward, Julian},
  journal={ACM SIG-PLAN Notices},
  volume={35},
  number={9},
  pages={280--292},
  year={2000}
}

% Basic
@article{bitcoin,
  title={Bitcoin: A peer-to-peer electronic cash system},
  author={Nakamoto, Satoshi},
  year={2008},
  publisher={Working Paper}
}
@online{bitcoinscript,
  title = {Script - Bitcoin Wiki},
  year = {2010},
  lastaccessed = "2/2019",
  url = "https://en.bitcoin.it/wiki/Script"
}
@article{ethereum,
  title={A next-generation smart contract and decentralized application platform},
  author={Buterin, Vitalik and others},
  journal={white paper},
  year={2014}
}

@book{itt,
  title={Intuitionistic type theory},
  author={Martin-L{\"o}f, Per and Sambin, Giovanni},
  volume={9},
  year={1984},
  publisher={Bibliopolis Naples}
}
@phdthesis{coq,
  title={The Coq proof assistant reference manual: Version 6.1},
  author={Barras, Bruno and Boutin, Samuel and Cornes, Cristina and Courant, Judica{\"e}l and Filliatre, Jean-Christophe and Gimenez, Eduardo and Herbelin, Hugo and Huet, Gerard and Munoz, Cesar and Murthy, Chetan and others},
  year={1997},
  school={Inria}
}
@inproceedings{agda,
  title={Dependently typed programming in Agda},
  author={Norell, Ulf},
  booktitle={International School on Advanced Functional Programming},
  pages={230--266},
  year={2008},
  organization={Springer}
}
@inproceedings{agdaauto,
  title={Auto in agda},
  author={Kokke, Wen and Swierstra, Wouter},
  booktitle={International Conference on Mathematics of Program Construction},
  pages={276--301},
  year={2015},
  organization={Springer}
}
@inproceedings{proofbyreflection,
  title={Engineering proof by reflection in Agda},
  author={Van Der Walt, Paul and Swierstra, Wouter},
  booktitle={Symposium on Implementation and Application of Functional Languages},
  pages={157--173},
  year={2012},
  organization={Springer}
}
@article{haskell,
  title={Report on the programming language Haskell: a non-strict, purely functional language version 1.2},
  author={Hudak, Paul and Peyton Jones, Simon and Wadler, Philip and Boutel, Brian and Fairbairn, Jon and Fasel, Joseph and Guzm{\'a}n, Mar{\'\i}a M and Hammond, Kevin and Hughes, John and Johnsson, Thomas and others},
  journal={ACM SigPlan notices},
  volume={27},
  number={5},
  pages={1--164},
  year={1992},
  publisher={ACM}
}
@article{quickcheck,
  title={QuickCheck: a lightweight tool for random testing of Haskell programs},
  author={Claessen, Koen and Hughes, John},
  journal={Acm sigplan notices},
  volume={46},
  number={4},
  pages={53--64},
  year={2011},
  publisher={ACM}
}

% Static analysis tools
@article{liquidity,
  title={Verifying liquidity of Bitcoin contracts},
  author={Bartoletti, Massimo and Zunino, Roberto},
  journal={IACR eprint},
  year={2018}
}
@article{mooly,
  title={Online detection of effectively callback free objects with applications to smart contracts},
  author={Grossman, Shelly and Abraham, Ittai and Golan-Gueta, Guy and Michalevsky, Yan and Rinetzky, Noam and Sagiv, Mooly and Zohar, Yoni},
  journal={Proceedings of the ACM on Programming Languages},
  volume={2},
  number={POPL},
  pages={48},
  year={2017},
  publisher={ACM}
}
@article{madmax,
  title={Madmax: Surviving out-of-gas conditions in ethereum smart contracts},
  author={Grech, Neville and Kong, Michael and Jurisevic, Anton and Brent, Lexi and Scholz, Bernhard and Smaragdakis, Yannis},
  journal={Proceedings of the ACM on Programming Languages},
  volume={2},
  number={OOPSLA},
  pages={116},
  year={2018},
  publisher={ACM}
}
